@article{Rozi07,
    author = {Rozinat, A. and Mans, R. S. and Song, M. and van der Aalst, W. M. P.},
    title = {Discovering Colored Petri Nets from Event Logs},
    journal = {Int. J. Softw. Tools Technol. Transf.},
    issue_date = {December 2007},
    volume = {10},
    number = {1},
    month = dec,
    year = {2007},
    issn = {1433-2779},
    pages = {57--74},
    numpages = {18},
    url = {http://dx.doi.org/10.1007/s10009-007-0051-0},
    doi = {10.1007/s10009-007-0051-0},
    acmid = {1341193},
    publisher = {Springer-Verlag},
    address = {Berlin, Heidelberg},
} 

@incollection{BuijsvDBAalst,
    author={Buijs, JoosC.A.M. and van Dongen, BoudewijnF. and van der Aalst, WilM.P.},
    year={2012},
    isbn={978-3-642-33605-8},
    booktitle={On the Move to Meaningful Internet Systems: OTM 2012},
    volume={7565},
    series={Lecture Notes in Computer Science},
    editor={Meersman, Robert and Panetto, Herv√© and Dillon, Tharam and Rinderle-Ma, Stefanie and Dadam, Peter and Zhou, Xiaofang and Pearson, Siani and Ferscha, Alois and Bergamaschi, Sonia and Cruz, IsabelF.},
    doi={10.1007/978-3-642-33606-5_19},
    title={On the Role of Fitness, Precision, Generalization and Simplicity in Process Discovery},
    url={http://dx.doi.org/10.1007/978-3-642-33606-5_19},
    publisher={Springer Berlin Heidelberg},
    pages={305-322},
    language={English}
} 

@article{AalstSP11,
 author={van der Aalst, Wil M. P.},
 title = {Process Mining: Discovering and Improving Spaghetti and Lasagna Processes},
 journal={Computational Intelligence and Data Mining (CIDM), 2011 IEEE Symposium on},
 isbn={978-1-4244-9926-7},
 url={http://dx.doi.org/10.1109/CIDM.2011.6129461},
 year={2011},
 language={English}
}
@inproceedings{MouraB08,
  author    = {Leonardo Mendon{\c{c}}a de Moura and
               Nikolaj Bj{\o}rner},
  title     = {{Z3:} An Efficient {SMT} Solver},
  booktitle = {Tools and Algorithms for the Construction and Analysis of Systems,
               14th International Conference, {TACAS} 2008, Held as Part of the Joint
               European Conferences on Theory and Practice of Software, {ETAPS} 2008,
               Budapest, Hungary, March 29-April 6, 2008. Proceedings},
  pages     = {337--340},
  year      = {2008},
 }

 @book{AalstBook,
  author    = {Wil M. P. van der Aalst},
  title     = {Process Mining - Discovery, Conformance and Enhancement of Business
               Processes},
  publisher = {Springer},
  year      = {2011},
}

@inproceedings{Bergenthum07,
  author    = {Robin Bergenthum and
               J{\"{o}}rg Desel and
               Robert Lorenz and
               Sebastian Mauser},
  title     = {Process Mining Based on Regions of Languages},
  booktitle = {Business Process Management, 5th International Conference, {BPM} 2007,
               Brisbane, Australia, September 24-28, 2007, Proceedings},
  pages     = {375--383},
  year      = {2007},
}

@article{SoleC11,
  author    = {Marc Sol{\'{e}} and
               Josep Carmona},
  title     = {Light Region-based Techniques for Process Discovery},
  journal   = {Fundam. Inform.},
  volume    = {113},
  number    = {3-4},
  pages     = {343--376},
  year      = {2011},
}

@article{ehrenfeucht90,
  author    = {Andrzej Ehrenfeucht and
               Grzegorz Rozenberg},
  title     = {Partial (Set) 2-Structures. Part {I:} Basic Notions and the Representation
               Problem},
  journal   = {Acta Inf.},
  volume    = {27},
  number    = {4},
  pages     = {315--342},
  year      = {1990},
}

@article{ehrenfeucht90a,
  author    = {Andrzej Ehrenfeucht and
               Grzegorz Rozenberg},
  title     = {Partial (Set) 2-Structures. Part {II:} State Spaces of Concurrent
               Systems},
  journal   = {Acta Inf.},
  volume    = {27},
  number    = {4},
  pages     = {343--368},
  year      = {1990},
}

@inproceedings{AalstG07,
  author    = {Wil M. P. van der Aalst and
               Christian W. G{\"{u}}nther},
  title     = {Finding Structure in Unstructured Processes: The Case for Process
               Mining},
  booktitle = {Seventh International Conference on Application of Concurrency to
               System Design {(ACSD} 2007), 10-13 July 2007, Bratislava, Slovak Republic},
  pages     = {3--12},
  year      = {2007},
}

@inproceedings{GuoWWYY15,
  author    = {Qinlong Guo and
               Lijie Wen and
               Jianmin Wang and
               Zhiqiang Yan and
               Philip S. Yu},
  title     = {Mining Invisible Tasks in Non-free-choice Constructs},
  booktitle = {Business Process Management - 13th International Conference, {BPM}
               2015, Innsbruck, Austria, August 31 - September 3, 2015, Proceedings},
  pages     = {109--125},
  year      = {2015},
}

@inproceedings{MedeirosAW03,
  author    = {Ana Karla A. de Medeiros and
               Wil M. P. van der Aalst and
               A. J. M. M. Weijters},
  title     = {Workflow Mining: Current Status and Future Directions},
  booktitle = {On The Move to Meaningful Internet Systems 2003: CoopIS, DOA, and
               {ODBASE} - {OTM} Confederated International Conferences, CoopIS, DOA,
               and {ODBASE} 2003, Catania, Sicily, Italy, November 3-7, 2003},
  pages     = {389--406},
  year      = {2003},
}

@article{AalstWM04,
  author    = {Wil M. P. van der Aalst and
               Ton Weijters and
               Laura Maruster},
  title     = {Workflow Mining: Discovering Process Models from Event Logs},
  journal   = {{IEEE} Trans. Knowl. Data Eng.},
  volume    = {16},
  number    = {9},
  pages     = {1128--1142},
  year      = {2004},
}

@article{WenAWS07,
  author    = {Lijie Wen and
               Wil M. P. van der Aalst and
               Jianmin Wang and
               Jiaguang Sun},
  title     = {Mining process models with non-free-choice constructs},
  journal   = {Data Min. Knowl. Discov.},
  volume    = {15},
  number    = {2},
  pages     = {145--180},
  year      = {2007},
}

@inproceedings{SilvaTC96,
  author    = {Manuel Silva and
               Enrique Teruel and
               Jos{\'{e}} Manuel Colom},
  title     = {Linear Algebraic and Linear Programming Techniques for the Analysis
               of Place or Transition Net Systems},
  booktitle = {Lectures on Petri Nets {I:} Basic Models, Advances in Petri Nets,
               the volumes are based on the Advanced Course on Petri Nets, held in
               Dagstuhl, September 1996},
  pages     = {309--373},
  year      = {1996},
}

@inproceedings{LeemansFA13,
  author    = {Sander J. J. Leemans and
               Dirk Fahland and
               Wil M. P. van der Aalst},
  title     = {Discovering Block-Structured Process Models from Event Logs - {A}
               Constructive Approach},
  booktitle = {Application and Theory of Petri Nets and Concurrency - 34th International
               Conference, {PETRI} {NETS} 2013, Milan, Italy, June 24-28, 2013. Proceedings},
  pages     = {311--329},
  year      = {2013},
}

@article{Murata89,
  author={T. Murata},
  journal={Proceedings of the IEEE},
  title={Petri nets: Properties, analysis and applications},
  year=1989,
  month=apr,
  volume=77,
  number=4,
  pages={541--580}
}

@book{Rockafellar70,
  title = {Convex Analysis},
  author = {R. Tyrrell Rockafellar},
  publisher = {Princeton University Press},
  year = 1970
}

@inproceedings{JeannetM09,
  author    = {Bertrand Jeannet and
               Antoine Min{\'{e}}},
  title     = {Apron: {A} Library of Numerical Abstract Domains for Static Analysis},
  booktitle = {Computer Aided Verification, 21st International Conference, {CAV}
               2009, Grenoble, France, June 26 - July 2, 2009. Proceedings},
  pages     = {661--667},
  year      = {2009},
}

@inproceedings{Fukuda2002,
   author      = {K. Fukuda and S. Picozzi and D. Avis},
   title       = {On canonical representations of convex polyhedra},
   booktitle   = {Proc. {o}f the {F}irst {I}nternational {C}ongress of
                 {M}athematical {S}oftware},
   pages       = {350--360},
   year        = 2002
}

@article{NieuwenhuisOT06,
  author    = {Robert Nieuwenhuis and
               Albert Oliveras and
               Cesare Tinelli},
  title     = {Solving {SAT} and {SAT} Modulo Theories: From an abstract Davis--Putnam--Logemann--Loveland
               procedure to DPLL(\emph{T})},
  journal   = {J. {ACM}},
  volume    = {53},
  number    = {6},
  pages     = {937--977},
  year      = {2006},
 }

 @article{MouraB11,
  author    = {Leonardo Mendon{\c{c}}a de Moura and
               Nikolaj Bj{\o}rner},
  title     = {Satisfiability modulo theories: introduction and applications},
  journal   = {Commun. {ACM}},
  volume    = {54},
  number    = {9},
  pages     = {69--77},
  year      = {2011},
}

@article{CarmonaC14,
  author    = {Josep Carmona and
               Jordi Cortadella},
  title     = {Process Discovery Algorithms Using Numerical Abstract Domains},
  journal   = {{IEEE} Trans. Knowl. Data Eng.},
  volume    = {26},
  number    = {12},
  pages     = {3064--3076},
  year      = {2014},
}

@article{FahlandA13,
  author    = {Dirk Fahland and
               Wil M. P. van der Aalst},
  title     = {Simplifying discovered process models in a controlled manner},
  journal   = {Inf. Syst.},
  volume    = {38},
  number    = {4},
  pages     = {585--605},
  year      = {2013},
}

@article{FahlandA15,
  author    = {Dirk Fahland and
               Wil M. P. van der Aalst},
  title     = {Model repair - aligning process models to reality},
  journal   = {Inf. Syst.},
  volume    = {47},
  pages     = {220--243},
  year      = {2015},
}

@inproceedings{GuntherA07,
  author    = {Christian W. G{\"{u}}nther and
               Wil M. P. van der Aalst},
  title     = {Fuzzy Mining - Adaptive Process Simplification Based on Multi-perspective
               Metrics},
  booktitle = {Business Process Management, 5th International Conference, {BPM} 2007,
               Brisbane, Australia, September 24-28, 2007, Proceedings},
  pages     = {328--343},
  year      = {2007},
}

@article{WDHS08,
  author    = {Jan Martijn E. M. van der Werf and
               Boudewijn F. van Dongen and
               Cor A. J. Hurkens and
               Alexander Serebrenik},
  title     = {Process Discovery using Integer Linear Programming},
  journal   = {Fundam. Inform.},
  volume    = {94},
  number    = {3-4},
  pages     = {387--412},
  year      = {2009},
}

@inproceedings{WeijtersR11,
  author    = {A. J. M. M. Weijters and
               J. T. S. Ribeiro},
  title     = {Flexible Heuristics Miner {(FHM)}},
  booktitle = {Proceedings of the {IEEE} Symposium on Computational Intelligence
               and Data Mining, {CIDM} 2011, part of the {IEEE} Symposium Series
               on Computational Intelligence 2011, April 11-15, 2011, Paris, France},
  pages     = {310--317},
  year      = {2011},
}

@article{AMCDA15,
  author    = {Arya Adriansyah and
               Jorge Munoz{-}Gama and
               Josep Carmona and
               Boudewijn F. van Dongen and
               Wil M. P. van der Aalst},
  title     = {Measuring precision of modeled behavior},
  journal   = {Inf. Syst. E-Business Management},
  volume    = {13},
  number    = {1},
  pages     = {37--67},
  year      = {2015},
}

@article{BrouckeWVB14,
  author    = {Seppe K. L. M. vanden Broucke and
               Jochen De Weerdt and
               Jan Vanthienen and
               Bart Baesens},
  title     = {Determining Process Model Precision and Generalization with Weighted
               Artificial Negative Events},
  journal   = {{IEEE} Trans. Knowl. Data Eng.},
  volume    = {26},
  number    = {8},
  pages     = {1877--1889},
  year      = {2014},
}

@article{BuijsDA14,
  author    = {Joos C. A. M. Buijs and
               Boudewijn F. van Dongen and
               Wil M. P. van der Aalst},
  title     = {Quality Dimensions in Process Discovery: The Importance of Fitness,
               Precision, Generalization and Simplicity},
  journal   = {Int. J. Cooperative Inf. Syst.},
  volume    = {23},
  number    = {1},
  year      = {2014},
}

@inproceedings{RecaldeSET03,
  author    = {Laura Recalde and
               Manuel Silva and
               Joaquin Ezpeleta and
               Enrique Teruel},
  title     = {Petri Nets and Manufacturing Systems: An Examples-Driven Tour},
  booktitle = {Lectures on Concurrency and Petri Nets, Advances in Petri Nets},
  pages     = {742--788},
  year      = {2003}
}


@article{Chesani2009,
  author    = {Federico Chesani and
               Evelina Lamma and
               Paola Mello and
               Marco Montali and
               Fabrizio Riguzzi and
               Sergio Storari},
  title     = {Exploiting Inductive Logic Programming Techniques for Declarative
               Process Mining},
  journal   = {T. Petri Nets and Other Models of Concurrency},
  volume    = {2},
  pages     = {278--295},
  year      = {2009},
  crossref  = {DBLP:journals/topnoc/2009-2},
}

@article{Ferreira2006,
  author    = {Hugo M. Ferreira and
               Diogo R. Ferreira},
  title     = {An Integrated Life Cycle for Workflow Management Based on Learning
               and Planning},
  journal   = {Int. J. Cooperative Inf. Syst.},
  volume    = {15},
  number    = {4},
  pages     = {485--505},
  year      = {2006},
}

@article{Goedertier2009,
  author    = {Stijn Goedertier and
               David Martens and
               Jan Vanthienen and
               Bart Baesens},
  title     = {Robust Process Discovery with Artificial Negative Events},
  journal   = {Journal of Machine Learning Research},
  volume    = {10},
  pages     = {1305--1340},
  year      = {2009},
}

@article{Gold1967,
  author    = {E. Mark Gold},
  title     = {Language Identification in the Limit},
  journal   = {Information and Control},
  volume    = {10},
  number    = {5},
  pages     = {447--474},
  year      = {1967},
}

@inproceedings{Lamma2007,
  author    = {Evelina Lamma and
               Paola Mello and
               Marco Montali and
               Fabrizio Riguzzi and
               Sergio Storari},
  title     = {Inducing Declarative Logic-Based Models from Labeled Traces},
  booktitle = {Business Process Management, 5th International Conference, {BPM} 2007,
               Brisbane, Australia, September 24-28, 2007, Proceedings},
  pages     = {344--359},
  year      = {2007},
}

@article{CarmonaCK10,
  author    = {Josep Carmona and
               Jordi Cortadella and
               Michael Kishinevsky},
  title     = {New Region-Based Algorithms for Deriving Bounded Petri Nets},
  journal   = {{IEEE} Trans. Computers},
  volume    = {59},
  number    = {3},
  pages     = {371--384},
  year      = {2010},
}

@inproceedings{CarmonaCK08,
  author    = {Josep Carmona and
               Jordi Cortadella and
               Michael Kishinevsky},
  title     = {A Region-Based Algorithm for Discovering Petri Nets from Event Logs},
  booktitle = {Business Process Management, 6th International Conference, {BPM} 2008,
               Milan, Italy, September 2-4, 2008. Proceedings},
  pages     = {358--373},
  year      = {2008},
}

@inproceedings{Lamma2008,
  author    = {Evelina Lamma and
               Paola Mello and
               Fabrizio Riguzzi and
               Sergio Storari},
  title     = {Applying Inductive Logic Programming to Process Mining},
  booktitle = {Inductive Logic Programming, 17th International Conference, {ILP}
               2007, Corvallis, OR, USA, June 19-21, 2007, Revised Selected Papers},
  pages     = {132--146},
  year      = {2007},
}

@inproceedings{Maggi2011,
  author    = {Fabrizio Maria Maggi and
               Arjan J. Mooij and
               Wil M. P. van der Aalst},
  title     = {User-guided discovery of declarative process models},
  booktitle = {Proceedings of the {IEEE} Symposium on Computational Intelligence
               and Data Mining, {CIDM} 2011, part of the {IEEE} Symposium Series
               on Computational Intelligence 2011, April 11-15, 2011, Paris, France},
  pages     = {192--199},
  year      = {2011},
}

@article{Maruster2006,
  author    = {Laura Maruster and
               A. J. M. M. Weijters and
               Wil M. P. van der Aalst and
               Antal van den Bosch},
  title     = {A Rule-Based Approach for Process Discovery: Dealing with Noise and
               Imbalance in Process Logs},
  journal   = {Data Min. Knowl. Discov.},
  volume    = {13},
  number    = {1},
  pages     = {67--87},
  year      = {2006},
}

@article{alberti2008verifiable,
  author    = {Marco Alberti and
               Federico Chesani and
               Marco Gavanelli and
               Evelina Lamma and
               Paola Mello and
               Paolo Torroni},
  title     = {Verifiable agent interaction in abductive logic programming: The {SCIFF}
               framework},
  journal   = {{ACM} Trans. Comput. Log.},
  volume    = {9},
  number    = {4},
  year      = {2008},
}

@article{Barber96,
 author = {Barber, C. Bradford and Dobkin, David P. and Huhdanpaa, Hannu},
 title = {The Quickhull Algorithm for Convex Hulls},
 journal = {ACM Trans. Math. Softw.},
 volume = {22},
 number = {4},
 month = dec,
 year = {1996},
 pages = {469--483},
 publisher = {ACM},
}


@inproceedings{LeonRCHH15,
  author    = {Hern{\'{a}}n {Ponce de Le{\'{o}}n} and
               C{\'{e}}sar Rodr{\'{i}}guez and
               Josep Carmona and
               Keijo Heljanko and
               Stefan Haar},
  title     = {Unfolding-Based Process Discovery},
  booktitle = {Automated Technology for Verification and Analysis - 13th International
               Symposium, {ATVA} 2015, Shanghai, China, October 12-15, 2015, Proceedings},
  pages     = {31--47},
  year      = {2015}
}


@inproceedings{PedroCC15,
  author    = {Javier de San Pedro and
               Josep Carmona and
               Jordi Cortadella},
  title     = {Log-Based Simplification of Process Models},
  booktitle = {Business Process Management - 13th International Conference, {BPM}
               2015, Innsbruck, Austria, August 31 - September 3, 2015, Proceedings},
  pages     = {457--474},
  year      = {2015},
}

@article{van2008process,
  author    = {Jan Martijn E. M. van der Werf and
               Boudewijn F. van Dongen and
               Cor A. J. Hurkens and
               Alexander Serebrenik},
  title     = {Process Discovery using Integer Linear Programming},
  journal   = {Fundam. Inform.},
  volume    = {94},
  number    = {3-4},
  pages     = {387--412},
  year      = {2009},
}

@inproceedings{LeonCB15,
  author    = {Hern{\'{a}}n {Ponce de Le{\'{o}}n} and
               Josep Carmona and
               Seppe K. L. M. vanden Broucke},
  title     = {Incorporating Negative Information in Process Discovery},
  booktitle = {Business Process Management - 13th International Conference, {BPM}
               2015, Innsbruck, Austria, August 31 - September 3, 2015, Proceedings},
  pages     = {126--143},
  year      = {2015},
}

@inproceedings{ColomS89a,
  author    = {Jos{\'{e}} Manuel Colom and
               Manuel Silva},
  title     = {Improving the linearly based characterization of {P/T} nets},
  booktitle = {Advances in Petri Nets 1990 [10th International Conference on Applications
               and Theory of Petri Nets, Bonn, Germany, June 1989, Proceedings]},
  pages     = {113--145},
  year      = {1989},
}

@inproceedings{Mendling2007,
  author    = {Jan Mendling and
               Gustaf Neumann and
               Wil M. P. van der Aalst},
  title     = {Understanding the Occurrence of Errors in Process Models Based on
               Metrics},
  booktitle = {On the Move to Meaningful Internet Systems 2007: CoopIS, DOA, ODBASE,
               GADA, and IS, {OTM} Confederated International Conferences CoopIS,
               DOA, ODBASE, GADA, and {IS} 2007, Vilamoura, Portugal, November 25-30,
               2007, Proceedings, Part {I}},
  pages     = {113--130},
  year      = {2007},
}

@MISC{Lassen08,
    author = {Kristian Bisgaard Lassen and Wil M. P. van der Aalst},
    title = {Complexity Metrics for Workflow Nets},
    year = {2008}
}

@article{CookW98,
  author    = {Jonathan E. Cook and
               Alexander L. Wolf},
  title     = {Discovering Models of Software Processes from Event-Based Data},
  journal   = {{ACM} Trans. Softw. Eng. Methodol.},
  volume    = {7},
  number    = {3},
  pages     = {215--249},
  year      = {1998},
}

@inproceedings{AgrawalGL98,
  author    = {Rakesh Agrawal and
               Dimitrios Gunopulos and
               Frank Leymann},
  title     = {Mining Process Models from Workflow Logs},
  booktitle = {Advances in Database Technology - EDBT'98, 6th International Conference
               on Extending Database Technology, Valencia, Spain, March 23-27, 1998,
               Proceedings},
  pages     = {469--483},
  year      = {1998},
  series    = {Lecture Notes in Computer Science},
  volume    = {1377},
  publisher = {Springer},
  }
  
  @inproceedings{ZelstDA15,
  author    = {Sebastiaan J. van Zelst and
               Boudewijn F. van Dongen and
               Wil M. P. van der Aalst},
  title     = {ILP-Based Process Discovery Using Hybrid Regions},
  booktitle = {Proceedings of the International Workshop on Algorithms {\&} Theories
               for the Analysis of Event Data, {ATAED} 2015, Satellite event of the
               conferences: 36th International Conference on Application and Theory
               of Petri Nets and Concurrency Petri Nets 2015 and 15th International
               Conference on Application of Concurrency to System Design {ACSD} 2015,
               Brussels, Belgium, June 22-23, 2015.},
  pages     = {47--61},
  year      = {2015},
  series    = {{CEUR} Workshop Proceedings},
  volume    = {1371},
  publisher = {CEUR-WS.org}
}

@article{Aalst2004, 
  author={W. van der Aalst and T. Weijters and L. Maruster}, 
  journal={IEEE Transactions on Knowledge and Data Engineering}, 
  title={Workflow mining: discovering process models from event logs}, 
  year={2004}, 
  volume={16}, 
  number={9}, 
  pages={1128-1142}, 
  month={Sept}
}
@Inbook{Aalst2012,
    author="van der Aalst, Wil
    and Adriansyah, Arya
    and de Medeiros, Ana Karla Alves
    and Arcieri, Franco
    and Baier, Thomas
    and Blickle, Tobias
    and Bose, Jagadeesh Chandra
    and van den Brand, Peter
    and Brandtjen, Ronald
    and Buijs, Joos
    and Burattin, Andrea
    and Carmona, Josep
    and Castellanos, Malu
    and Claes, Jan
    and Cook, Jonathan
    and Costantini, Nicola
    and Curbera, Francisco
    and Damiani, Ernesto
    and de Leoni, Massimiliano
    and Delias, Pavlos
    and van Dongen, Boudewijn F.
    and Dumas, Marlon
    and Dustdar, Schahram
    and Fahland, Dirk
    and Ferreira, Diogo R.
    and Gaaloul, Walid
    and van Geffen, Frank
    and Goel, Sukriti
    and G{\"u}nther, Christian
    and Guzzo, Antonella
    and Harmon, Paul
    and ter Hofstede, Arthur
    and Hoogland, John
    and Ingvaldsen, Jon Espen
    and Kato, Koki
    and Kuhn, Rudolf
    and Kumar, Akhil
    and La Rosa, Marcello
    and Maggi, Fabrizio
    and Malerba, Donato
    and Mans, Ronny S.
    and Manuel, Alberto
    and McCreesh, Martin
    and Mello, Paola
    and Mendling, Jan
    and Montali, Marco
    and Motahari-Nezhad, Hamid R.
    and zur Muehlen, Michael
    and Munoz-Gama, Jorge
    and Pontieri, Luigi
    and Ribeiro, Joel
    and Rozinat, Anne
    and Seguel P{\'{e}}rez, Hugo
    and Seguel P{\'{e}}rez, Ricardo
    and Sep{\'{u}}lveda, Marcos
    and Sinur, Jim
    and Soffer, Pnina
    and Song, Minseok
    and Sperduti, Alessandro
    and Stilo, Giovanni
    and Stoel, Casper
    and Swenson, Keith
    and Talamo, Maurizio
    and Tan, Wei
    and Turner, Chris
    and Vanthienen, Jan
    and Varvaressos, George
    and Verbeek, Eric
    and Verdonk, Marc
    and Vigo, Roberto
    and Wang, Jianmin
    and Weber, Barbara
    and Weidlich, Matthias
    and Weijters, Ton
    and Wen, Lijie
    and Westergaard, Michael
    and Wynn, Moe",
    chapter="Process Mining Manifesto",
    title="Business Process Management Workshops: BPM 2011 International Workshops, Clermont-Ferrand, France, August 29, 2011, Revised Selected Papers, Part I",
    year="2012",
    publisher="Springer Berlin Heidelberg",
    address="Berlin, Heidelberg",
    pages="169--194",
    isbn="978-3-642-28108-2",
}

@article{barrettSMT2009,
  title={Satisfiability modulo theories},
  author={Barrett, Clark and Sebastiani, Roberto and Seshia, Sanjit A and Tinelli, Cesare},
  journal={Handbook of Satisfiability},
  volume={4},
  year={2009},
  publisher={Frontiers in Artificial Intelligence and Applications}
}

@Inbook{deMoura2009,
author="de Moura, Leonardo and Bj{\o}rner, Nikolaj",
chapter="Satisfiability Modulo Theories: An Appetizer",
title="Formal Methods: Foundations and Applications: 12th Brazilian Symposium on Formal Methods, SBMF 2009 Gramado, Brazil, August 19-21, 2009 Revised Selected Papers",
year="2009",
publisher="Springer Berlin Heidelberg",
address="Berlin, Heidelberg",
pages="23--36",
}

@misc{pach,
    author = {{Lucio Nardelli}},
    title = {PacH},
    url = {https://github.com/lucionardelli/PacH},
    version = {1.0},
    license =  {BSD License},
}

@misc{pyhull,
    author = {{Shyue Ping Ong}},
    title = {pyhull},
    url = {https://github.com/materialsvirtuallab/pyhull},
    version = {1.5.4},
    license =  {MIT},
}

@misc{pip,
    author = {{PyPA}},
    title = {pip},
    url = {https://pip.pypa.io/en/stable/},
    version = {8.1.2},
    license =  {MIT},
}
